@inproceedings{Blohowiak2016,
    title = {A Platform for Automating Chaos Experiments},
    url = {http://dx.doi.org/10.1109/ISSREW.2016.52},
    DOI = {10.1109/issrew.2016.52},
    booktitle = {2016 IEEE International Symposium on Software Reliability Engineering Workshops (ISSREW)},
    publisher = {IEEE},
    author = {Blohowiak,  Aaron and Basiri,  Ali and Hochstein,  Lorin and Rosenthal,  Casey},
    year = {2016},
    month = oct
}
@article{Basiri2016,
    title = {Chaos Engineering},
    volume = {33},
    ISSN = {1937-4194},
    url = {http://dx.doi.org/10.1109/MS.2016.60},
    DOI = {10.1109/ms.2016.60},
    number = {3},
    journal = {IEEE Software},
    publisher = {Institute of Electrical and Electronics Engineers (IEEE)},
    author = {Basiri,  Ali and Behnam,  Niosha and de Rooij,  Ruud and Hochstein,  Lorin and Kosewski,  Luke and Reynolds,  Justin and Rosenthal,  Casey},
    year = {2016},
    month = may,
    pages = {35–41}
}
@article{principles,
    author = {Lorin Hochstein},
    month = {March},
    publisher = {GitHub},
    title = {PRINCIPLES OF CHAOS ENGINEERING},
    url = {https://principlesofchaos.org/},
    year = {2019}
}
@inproceedings{Monperrus2017,
    series = {Programming ’17},
    title = {Principles of Antifragile Software},
    url = {http://dx.doi.org/10.1145/3079368.3079412},
    DOI = {10.1145/3079368.3079412},
    booktitle = {Companion to the first International Conference on the Art,  Science and Engineering of Programming},
    publisher = {ACM},
    author = {Monperrus,  Martin},
    year = {2017},
    month = apr,
    pages = {1–4},
    collection = {Programming ’17}
}
@article{Simonsson2021,
    title = {Observability and chaos engineering on system calls for containerized applications in Docker},
    volume = {122},
    ISSN = {0167-739X},
    url = {http://dx.doi.org/10.1016/j.future.2021.04.001},
    DOI = {10.1016/j.future.2021.04.001},
    journal = {Future Generation Computer Systems},
    publisher = {Elsevier BV},
    author = {Simonsson,  Jesper and Zhang,  Long and Morin,  Brice and Baudry,  Benoit and Monperrus,  Martin},
    year = {2021},
    month = sep,
    pages = {117–129}
}